<record><leader>00000cas a22000007a 4500</leader><controlfield tag="001">10846703</controlfield><controlfield tag="008">840615c19839999nbuer ne      0   a0eng d</controlfield><datafield ind1=" " ind2=" " tag="010"><subfield code="a">sn 84008689 </subfield></datafield><datafield ind1=" " ind2=" " tag="040"><subfield code="a">NSD</subfield><subfield code="b">eng</subfield><subfield code="c">NSD</subfield><subfield code="d">NVG</subfield><subfield code="d">OCLCQ</subfield><subfield code="d">DLC</subfield></datafield><datafield ind1=" " ind2=" " tag="012"><subfield code="l">1</subfield><subfield code="m">1</subfield></datafield><datafield ind1="1" ind2=" " tag="022"><subfield code="a">0747-9565</subfield><subfield code="l">0747-9565</subfield><subfield code="2">1</subfield></datafield><datafield ind1=" " ind2=" " tag="032"><subfield code="a">19650</subfield><subfield code="b">USPS</subfield></datafield><datafield ind1=" " ind2=" " tag="037"><subfield code="b">Midwest Messenger, 707 S. 13th St., Tekamah, NE 68061</subfield></datafield><datafield ind1=" " ind2=" " tag="042"><subfield code="a">nsdp</subfield></datafield><datafield ind1="1" ind2="0" tag="050"><subfield code="a">ISSN RECORD</subfield></datafield><datafield ind1="0" ind2=" " tag="130"><subfield code="a">Midwest messenger (South edition)</subfield></datafield><datafield ind1=" " ind2="0" tag="222"><subfield code="a">Midwest messenger</subfield><subfield code="b">(South edition)</subfield></datafield><datafield ind1="1" ind2="0" tag="245"><subfield code="a">Midwest messenger.</subfield></datafield><datafield ind1="1" ind2=" " tag="246"><subfield code="a">Midwest messenger South</subfield></datafield><datafield ind1=" " ind2=" " tag="250"><subfield code="a">South ed.</subfield></datafield><datafield ind1=" " ind2=" " tag="260"><subfield code="a">Tekamah, Neb. :</subfield><subfield code="b">[Plaindealer Pub. Co.]</subfield></datafield><datafield ind1="3" ind2=" " tag="260"><subfield code="3">&lt;2016-&gt; :</subfield><subfield code="a">[Tekamah, NE] :</subfield><subfield code="b">[Midwest Messenger]</subfield></datafield><datafield ind1=" " ind2=" " tag="310"><subfield code="a">Biweekly</subfield></datafield><datafield ind1="0" ind2=" " tag="362"><subfield code="a">Vol. 15, no. 20 (Aug. 27, 1983)-</subfield></datafield><datafield ind1=" " ind2=" " tag="588"><subfield code="a">Latest issue consulted: Vol. 48, no. 89 (November 4th 2016).</subfield></datafield><datafield ind1="0" ind2=" " tag="775"><subfield code="t">Midwest messenger (North edition)</subfield><subfield code="x">0747-9557</subfield></datafield><datafield ind1="0" ind2="1" tag="780"><subfield code="t">Midwest messenger (Tekamah, Neb.)</subfield></datafield><datafield ind1=" " ind2=" " tag="936"><subfield code="a">May 19, 1984</subfield></datafield><datafield ind1="1" ind2=" " tag="029"><subfield code="a">AU@</subfield><subfield code="b">000025826014</subfield></datafield></record>